<?xml version="1.0" encoding="UTF-8"?><record xmlns="http://www.loc.gov/MARC21/slim" xmlns:cinclude="http://apache.org/cocoon/include/1.0" xmlns:zs="http://www.loc.gov/zing/srw/">
  <leader>01028nz  a2200193n  4500</leader>
  <controlfield tag="001">no2010202493</controlfield>
  <controlfield tag="003">DLC</controlfield>
  <controlfield tag="005">20101216075412.0</controlfield>
  <controlfield tag="008">101214n| acannaabn          |a ana     c</controlfield>
  <datafield tag="010" ind1=" " ind2=" ">
    <subfield code="a">no2010202493</subfield>
  </datafield>
  <datafield tag="035" ind1=" " ind2=" ">
    <subfield code="a">(OCoLC)oca08714511</subfield>
  </datafield>
  <datafield tag="040" ind1=" " ind2=" ">
    <subfield code="a">CtY-BR</subfield>
    <subfield code="b">eng</subfield>
    <subfield code="c">CtY-BR</subfield>
  </datafield>
  <datafield tag="110" ind1="2" ind2=" ">
    <subfield code="a">Nederlandse Vereniging van Homofielen COC</subfield>
  </datafield>
  <datafield tag="410" ind1="2" ind2=" ">
    <subfield code="a">Nederlandse Vereniging voor Homofielen COC</subfield>
  </datafield>
  <datafield tag="410" ind1="2" ind2=" ">
    <subfield code="a">Dutch Society of Homosexuals COC</subfield>
  </datafield>
  <datafield tag="510" ind1="2" ind2=" ">
    <subfield code="a">Cultuur- en Ontspanningscentrum Nederland</subfield>
  </datafield>
  <datafield tag="670" ind1=" " ind2=" ">
    <subfield code="a">Dialoog, 1965/1:</subfield>
    <subfield code="b">p. 1 (Nederlandse Vereniging van Homofielen C.O.C.)</subfield>
  </datafield>
  <datafield tag="670" ind1=" " ind2=" ">
    <subfield code="a">COC Nederland WWW home page, 20 Oct. 2010:</subfield>
    <subfield code="b">Organisatie/Federatie (Nederlandse Vereniging van Homofielen COC; name adopted in 1960s by what had been the Cultuur en Ontspannings-Centrum)</subfield>
  </datafield>
  <datafield tag="670" ind1=" " ind2=" ">
    <subfield code="a">OCLC WorldCat, 20 Oct. 2010</subfield>
    <subfield code="b">(hdg.: Nederlandse Vereniging van Homofielen COC; Nederlandse Vereniging voor Homofielen COC; usage: Nederlandse Vereniging van Homofielen COC; Nederlandse Vereniging voor Homofielen COC; Dutch Society of Homosexuals COC)</subfield>
  </datafield>
</record>